
@article{babakus_1993,
  title	       = {Measuring service quality in the public utilities},
  volume       = 1,
  doi	       = {10.1300/J054v01n01_04},
  number       = 1,
  journal      = {Journal of Nonprofit \& Public Sector Marketing},
  author       = {Babakus, Emin},
  year	       = 1993,
  keywords     = {Involvement, Service Quality, Marketing, Water},
  pages	       = {33--49},
}

@article{cohen_2000,
  title	       = {Consumer involvement--driving up the cost},
  volume       = 10,
  number       = 4,
  journal      = {Consumer Policy Review},
  author       = {Cohen, Marcel},
  year	       = 2000,
  keywords     = {Involvement, Marketing},
  pages	       = {122--125},
}

@article{cooper_2012,
  title	       = {Does anybody like water restrictions? {Some} observations in {Australian} urban communities*: {Does} anybody like water restrictions?},
  volume       = 56,
  doi	       = {10.1111/j.1467-8489.2011.00573.x},
  number       = 1,
  urldate      = {2016-02-20},
  journal      = {Australian Journal of Agricultural and Resource Economics},
  author       = {Cooper, Bethany and Rose, John and Crase, Lin},
  year	       = 2012,
  pages	       = {61--81},
}

@book{mcbride_2005_stat,
  title	       = {Using {{Statistical Methods}} for {{Water Quality Management}}: {{Issues}}, {{Problems}}, and {{Solutions}}},
  author       = {McBride, Graham B.},
  year	       = 2005,
  series       = {Wiley Series in Statistics in Practice},
  publisher    = {{Wiley-Interscience}},
  address      = {{Hoboken, NJ}},
  isbn	       = {978-0-471-47016-8},
  keywords     = {Library, Mathematics, Methodology, Statistics, Water Quality}
}

@inproceedings{prevos_2013,
  title	       = {{ServAqua}: Towards a Model for Service Quality in Potable Reticulated Water Services},
  booktitle    = {World Marketing Congress},
  author       = {Prevos, Peter},
  year	       = 2013,
  publisher    = {Academy of Marketing Science},
  address      = {Melbourne},
  keywords     = {Marketing, Service Quality, Water}
}

@book{vloerbergh_2007,
  title	       = {Assessing consumer preferences for drinking water services. {Methods} for water utilities},
  publisher    = {Techneau},
  author       = {Vloerbergh, Irene and Fife-Schaw, Chris and Kelay, Tanika and {Jonathan Chenoweth} and Morrison, Greg and Lundéhn, Christina},
  year	       = 2007,
  keywords     = {Involvement, Service Quality, Marketing, Water, ebook},
}

@article{walsch_2005,
  title	       = {An examination of customers’ motives to switch energy suppliers},
  volume       = 21,
  number       = 3,
  journal      = {Journal of Marketing Management},
  author       = {Walsch, Gianfranco and Groth, Markus and Wiedman, Klaus-Peter},
  year	       = 2005,
  keywords     = {Involvement, Energy},
  pages	       = {421--440},
}

@article{watson_2002,
  title	       = {Consumer attitudes to utility products: {A} consumer behaviour perspective},
  volume       = 20,
  number       = 7,
  journal      = {Marketing Intelligence \& Planning},
  author       = {Watson, A. and Viney, H. and Schomaker, P.},
  year	       = 2002,
  keywords     = {Involvement, Energy},
  pages	       = {394--404},
}

@article{zaichkowsky_1985,
  title	       = {Measuring the Involvement Construct},
  author       = {Zaichkowsky, Judith Lynne},
  year	       = 1985,
  journal      = {Journal of Consumer Research},
  volume       = 12,
  number       = 3,
  pages	       = {341--352},
  keywords     = {Involvement, Marketing},
  file	       = {:marketing/Zaichkowsky_1985_Measuring the involvement construct.pdf}
}

@article{zaichkowsky_1994,
  title	       = {The Personal Involvement Inventory: Revision, and Application to Advertising},
  author       = {Zaichkowsky, Judith Lynne},
  year	       = 1994,
  journal      = {Journal of Advertising},
  volume       = 23,
  number       = 4,
  pages	       = 59,
  keywords     = {Involvement, Marketing},
  file	       = {:marketing/Zaichkowsky_1994_The personal involvement inventory.pdf}
}
