@book{prevos_principles_2019,
  title	       = {Principles of Strategic Data Science: Creating Value from Data, Big and Small},
  author       = {Prevos, Peter},
  year	       = 2019,
  publisher    = {Packt Publishing}
}

@book{caffo_executive_2018,
  title	       = {Executive Data Science. A Guide to Training and Managing the Best Data Scientists.},
  publisher    = {LeanPub},
  author       = {Caffo, Brian and Peng, Roger and Leek, Jeffrey T.},
  year	       = 2018
}


